@inproceedings{recipegen,
  title     = {Generating Personalized Recipes from Historical User Preferences},
  author    = {Majumder, Bodhisattwa Prasad  and
               Li, Shuyang  and
               Ni, Jianmo  and
               McAuley, Julian},
  booktitle = {EMNLP},
  year      = {2019},
  url       = {https://www.aclweb.org/anthology/D19-1613},
  doi       = {10.18653/v1/D19-1613},
  pages     = {5975--5981}
}

@misc{hellofresh,
  title  = {Fresh Food \& Meal Kit Delivery Service},
  author = {{Hello Fresh}},
  url    = {https://www.hellofresh.com/}
}

@misc{tigergraph,
  title  = {Graph Analytics Platform | Graph Database | TigerGraph},
  author = {{TigerGraph}},
  url    = {https://www.tigergraph.com/}
}

@misc{yummly,
  title  = {Yummly: Personalized Recipe Recommendations and Search},
  author = {{Yummly}},
  url    = {https://www.yummly.com/}
}

@misc{fooddata,
  title  = {FoodData Central},
  author = {{USDA}},
  url    = {https://fdc.nal.usda.gov/}
}

@misc{fastrp,
  doi       = {10.48550/ARXIV.1908.11512},
  url       = {https://arxiv.org/abs/1908.11512},
  author    = {Chen, Haochen and Sultan, Syed Fahad and Tian, Yingtao and Chen, Muhao and Skiena, Steven},
  keywords  = {Social and Information Networks (cs.SI), Machine Learning (cs.LG), FOS: Computer and information sciences, FOS: Computer and information sciences},
  title     = {Fast and Accurate Network Embeddings via Very Sparse Random Projection},
  publisher = {arXiv},
  year      = {2019},
  copyright = {arXiv.org perpetual, non-exclusive license}
}

% TODO: https://www.ers.usda.gov/data-products/ag-and-food-statistics-charting-the-essentials/food-prices-and-spending/#:~:text=In%202021%2C%20households%20in%20the,representing%207.6%20percent%20of%20income).

@misc{lightgcn,
  doi       = {10.48550/ARXIV.2002.02126},
  url       = {https://arxiv.org/abs/2002.02126},
  author    = {He, Xiangnan and Deng, Kuan and Wang, Xiang and Li, Yan and Zhang, Yongdong and Wang, Meng},
  keywords  = {Information Retrieval (cs.IR), Machine Learning (cs.LG), FOS: Computer and information sciences, FOS: Computer and information sciences},
  title     = {LightGCN: Simplifying and Powering Graph Convolution Network for Recommendation},
  publisher = {arXiv},
  year      = {2020},
  copyright = {arXiv.org perpetual, non-exclusive license}
}

@article{suprise,
  doi       = {10.21105/joss.02174},
  url       = {https://doi.org/10.21105/joss.02174},
  year      = {2020},
  publisher = {The Open Journal},
  volume    = {5},
  number    = {52},
  pages     = {2174},
  author    = {Nicolas Hug},
  title     = {Surprise: A Python library for recommender systems},
  journal   = {Journal of Open Source Software}
}

@inproceedings{pyg,
  title     = {Fast Graph Representation Learning with {PyTorch Geometric}},
  author    = {Fey, Matthias and Lenssen, Jan E.},
  booktitle = {ICLR Workshop on Representation Learning on Graphs and Manifolds},
  year      = {2019}
}

@inproceedings{pytorch,
  author    = {Paszke, Adam and Gross, Sam and Massa, Francisco and Lerer, Adam and Bradbury, James and Chanan, Gregory and Killeen, Trevor and Lin, Zeming and Gimelshein, Natalia and Antiga, Luca and Desmaison, Alban and Kopf, Andreas and Yang, Edward and DeVito, Zachary and Raison, Martin and Tejani, Alykhan and Chilamkurthy, Sasank and Steiner, Benoit and Fang, Lu and Bai, Junjie and Chintala, Soumith},
  booktitle = {Advances in Neural Information Processing Systems 32},
  editor    = {Wallach, H. and Larochelle, H. and Beygelzimer, A. and d'Alch√©-Buc, F. and Fox, E. and Garnett, R.},
  pages     = {8024--8035},
  publisher = {Curran Associates, Inc.},
  title     = {{PyTorch: An Imperative Style, High-Performance Deep Learning Library}},
  url       = {http://papers.neurips.cc/paper/9015-pytorch-an-imperative-style-high-performance-deep-learning-library.pdf},
  year      = {2019}
}

@article{dlrm,
  author  = {Maxim Naumov and Dheevatsa Mudigere and Hao{-}Jun Michael Shi and Jianyu Huang and Narayanan Sundaraman and Jongsoo Park and Xiaodong Wang and Udit Gupta and Carole{-}Jean Wu and Alisson G. Azzolini and Dmytro Dzhulgakov and Andrey Mallevich and Ilia Cherniavskii and Yinghai Lu and Raghuraman Krishnamoorthi and Ansha Yu and Volodymyr Kondratenko and Stephanie Pereira and Xianjie Chen and Wenlin Chen and Vijay Rao and Bill Jia and Liang Xiong and Misha Smelyanskiy},
  title   = {Deep Learning Recommendation Model for Personalization and Recommendation Systems},
  journal = {CoRR},
  volume  = {abs/1906.00091},
  year    = {2019},
  url     = {https://arxiv.org/abs/1906.00091}
}